%% This BibTeX bibliography file was created using BibDesk.
%% http://bibdesk.sourceforge.net/


%% Created for Spyros Maniatopoulos at 2015-07-27 10:46:17 -0400 


%% Saved with string encoding Unicode (UTF-8) 



@conference{Vasu2013ICRA,
	Author = {Vasumathi Raman and Nir Piterman and Hadas Kress-Gazit},
	Booktitle = {IEEE Int'l. Conf. on Robotics and Automation},
	Date-Added = {2015-07-27 13:28:11 +0000},
	Date-Modified = {2015-07-27 14:46:14 +0000},
	Title = {{Provably Correct Continuous Control for High-Level Robot Behaviors with Actions of Arbitrary Execution Durations}},
	Year = {2013}}

@conference{Vasu2012IROS,
	Author = {Raman, Vasumathi and Xu, Bingxin and Kress-Gazit, H},
	Booktitle = {IEEE/RSJ Int'l. Conf. on Intelligent Robots and Systems},
	Date-Added = {2015-07-24 14:41:16 +0000},
	Date-Modified = {2015-07-27 13:30:59 +0000},
	Journal = {\ldots Robots and Systems (IROS), \ldots},
	Title = {{Avoiding forgetfulness: Structured English specifications for high-level robot control with implicit memory}},
	Year = {2012},
	Bdsk-Url-1 = {http://ieeexplore.ieee.org/xpls/abs%5C_all.jsp?arnumber=6386028}}
